@article{DBLP:journals/cacm/Knuth74,
  author    = {Donald E. Knuth},
  title     = {{Computer Programming as an Art}},
  journal   = {Commun. {ACM}},
  volume    = {17},
  number    = {12},
  pages     = {667--673},
  year      = {1974},
  doi       = {10.1145/361604.361612},
  timestamp = {Tue, 07 Jun 2011 16:50:57 +0200},
  biburl    = {http://dblp.uni-trier.de/rec/bib/journals/cacm/Knuth74},
  bibsource = {dblp computer science bibliography, http://dblp.org}
}

@article{DBLP:journals/cacm/Dijkstra68a,
  author    = {Edsger W. Dijkstra},
  title     = {Letters to the editor: go to statement considered harmful},
  journal   = {Commun. {ACM}},
  volume    = {11},
  number    = {3},
  pages     = {147--148},
  year      = {1968},
  doi       = {10.1145/362929.362947},
  timestamp = {Thu, 09 Feb 2006 13:19:49 +0100},
  biburl    = {http://dblp.uni-trier.de/rec/bib/journals/cacm/Dijkstra68a},
  bibsource = {dblp computer science bibliography, http://dblp.org}
}

@book{DBLP:books/mk/GrayR93,
  author    = {Jim Gray and
               Andreas Reuter},
  title     = {Transaction Processing: Concepts and Techniques},
  publisher = {Morgan Kaufmann},
  year      = {1993},
  isbn      = {1-55860-190-2},
  timestamp = {Thu, 05 Nov 2015 19:53:28 +0100},
  biburl    = {http://dblp.uni-trier.de/rec/bib/books/mk/GrayR93},
  bibsource = {dblp computer science bibliography, http://dblp.org}
}



@inproceedings{DBLP:conf/focs/HopcroftPV75,
  author    = {{John E.} Hopcroft and
               {Wolfgang J.} Paul and
               {Leslie G.} Valiant},
  title     = {On Time versus Space and Related Problems},
  booktitle = {16th Annual Symposium on Foundations of Computer Science, Berkeley,
               California, USA, October 13-15, 1975},
  pages     = {57--64},
  year      = {1975},
  crossref  = {DBLP:conf/focs/FOCS16},
  doi       = {10.1109/SFCS.1975.23},
  timestamp = {Tue, 16 Dec 2014 09:57:24 +0100},
  biburl    = {http://dblp.uni-trier.de/rec/bib/conf/focs/HopcroftPV75},
  bibsource = {dblp computer science bibliography, http://dblp.org}
}

@proceedings{DBLP:conf/focs/FOCS16,
  title     = {16th Annual Symposium on Foundations of Computer Science, Berkeley,
               California, USA, October 13-15, 1975},
  publisher = {{IEEE} Computer Society},
  year      = {1975},
  timestamp = {Mon, 15 Dec 2014 18:48:44 +0100},
  biburl    = {http://dblp.uni-trier.de/rec/bib/conf/focs/FOCS16},
  bibsource = {dblp computer science bibliography, http://dblp.org}
}

@inproceedings{BabaiL83,
  author    = {L{\'{a}}szl{\'{o}} Babai and
               Eugene M. Luks},
  title     = {Canonical Labeling of Graphs},
  booktitle = {Proceedings of the 15th Annual {ACM} Symposium on Theory of Computing,
               25-27 April, 1983, Boston, Massachusetts, {USA}},
  pages     = {171--183},
  year      = {1983},
  crossref  = {DBLP:conf/stoc/STOC15},
  url       = {https://doi.org/10.1145/800061.808746},
  doi       = {10.1145/800061.808746},
  timestamp = {Tue, 06 Nov 2018 11:07:04 +0100},
  biburl    = {https://dblp.org/rec/bib/conf/stoc/BabaiL83},
  bibsource = {dblp computer science bibliography, https://dblp.org}
}

@inproceedings{Grohe13,
  author    = {Martin Grohe},
  title     = {Logical and Structural Approaches to the Graph Isomorphism Problem},
  booktitle = {Mathematical Foundations of Computer Science 2013 - 38th International
               Symposium, {MFCS} 2013, Klosterneuburg, Austria, August 26-30, 2013.
               Proceedings},
  pages     = {42},
  year      = {2013},
  crossref  = {DBLP:conf/mfcs/2013},
  url       = {https://doi.org/10.1007/978-3-642-40313-2\_4},
  doi       = {10.1007/978-3-642-40313-2\_4},
  timestamp = {Thu, 15 Jun 2017 21:43:21 +0200},
  biburl    = {https://dblp.org/rec/bib/conf/mfcs/Grohe13},
  bibsource = {dblp computer science bibliography, https://dblp.org}
}

@article{parris1969coding,
  title={A coding procedure for graphs},
  author={Parris, R and Read, RC},
  journal={Scientific Report. UWI/CC},
  volume={10},
  year={1969}
}

@article{mckay1981practical,
  title={Practical graph isomorphism},
  author={McKay, Brendan D and others},
  year={1981},
  publisher={Department of Computer Science, Vanderbilt University Tennessee, US}
}

@article{mckay2014practical,
  title={Practical graph isomorphism, II},
  author={McKay, Brendan D and Piperno, Adolfo},
  journal={Journal of Symbolic Computation},
  volume={60},
  pages={94--112},
  year={2014},
  publisher={Elsevier}
}